<record><leader>00000cas a2200000 a 4500</leader><controlfield tag="001">32993933</controlfield><controlfield tag="008">950816d189u190uflucr ne      0    0eng c</controlfield><datafield ind1=" " ind2=" " tag="010"><subfield code="a">sn 95026968 </subfield></datafield><datafield ind1=" " ind2=" " tag="040"><subfield code="a">FUG</subfield><subfield code="b">eng</subfield><subfield code="c">FUG</subfield><subfield code="d">OCLCQ</subfield><subfield code="d">OCLCF</subfield><subfield code="d">OCLCO</subfield></datafield><datafield ind1=" " ind2=" " tag="012"><subfield code="i">9508</subfield></datafield><datafield ind1="1" ind2=" " tag="029"><subfield code="a">AU@</subfield><subfield code="b">000025895338</subfield></datafield><datafield ind1=" " ind2=" " tag="042"><subfield code="a">pcc</subfield></datafield><datafield ind1=" " ind2=" " tag="043"><subfield code="a">n-us-fl</subfield></datafield><datafield ind1="0" ind2=" " tag="130"><subfield code="a">Twice-a-week sun (Gainesville, Fla.)</subfield></datafield><datafield ind1="1" ind2="4" tag="245"><subfield code="a">The twice-a-week sun.</subfield></datafield><datafield ind1="1" ind2="3" tag="246"><subfield code="a">Sun</subfield></datafield><datafield ind1=" " ind2=" " tag="260"><subfield code="a">Gainesville, Fla. :</subfield><subfield code="b">H.H. McCreary</subfield></datafield><datafield ind1=" " ind2=" " tag="300"><subfield code="a">v.</subfield></datafield><datafield ind1=" " ind2=" " tag="310"><subfield code="a">Semiweekly</subfield></datafield><datafield ind1=" " ind2=" " tag="588"><subfield code="a">Description based on: Vol. 19, no. 24 (June 16, 1899).</subfield></datafield><datafield ind1=" " ind2=" " tag="588"><subfield code="a">Latest issue consulted: Vol. 19, no. 73 (Dec. 8, 1899).</subfield></datafield><datafield ind1=" " ind2="0" tag="651"><subfield code="a">Gainesville (Fla.)</subfield><subfield code="v">Newspapers.</subfield></datafield><datafield ind1=" " ind2="0" tag="651"><subfield code="a">Alachua County (Fla.)</subfield><subfield code="v">Newspapers.</subfield></datafield><datafield ind1=" " ind2="7" tag="655"><subfield code="a">Newspapers.</subfield><subfield code="2">fast</subfield><subfield code="0">(OCoLC)fst01423814</subfield></datafield><datafield ind1=" " ind2="7" tag="651"><subfield code="a">Florida</subfield><subfield code="z">Alachua County.</subfield><subfield code="2">fast</subfield><subfield code="0">(OCoLC)fst01214687</subfield></datafield><datafield ind1=" " ind2="7" tag="651"><subfield code="a">Florida</subfield><subfield code="z">Gainesville.</subfield><subfield code="2">fast</subfield><subfield code="0">(OCoLC)fst01207243</subfield></datafield><datafield ind1=" " ind2=" " tag="752"><subfield code="a">United States</subfield><subfield code="b">Florida</subfield><subfield code="c">Alachua</subfield><subfield code="d">Gainesville.</subfield></datafield><datafield ind1="0" ind2=" " tag="775"><subfield code="t">Daily sun (Gainesville, Fla.)</subfield><subfield code="w">(DLC)sn 95026976</subfield><subfield code="w">(OCoLC)32994414</subfield></datafield><datafield ind1="0" ind2="0" tag="780"><subfield code="t">Weekly sun (Gainesville, Fla.)</subfield><subfield code="w">(DLC)sn 95026967</subfield><subfield code="w">(OCoLC)1671102</subfield></datafield><datafield ind1="0" ind2="0" tag="785"><subfield code="t">Gainesville sun (Gainesville, Fla. : 1903)</subfield><subfield code="w">(DLC)sn 95026969</subfield><subfield code="w">(OCoLC)32993937</subfield></datafield><datafield ind1=" " ind2=" " tag="850"><subfield code="a">FU</subfield></datafield></record>